@inproceedings{gibson2011,
author = {Gibson, Travis and Annaswamy, Anuradha and Lavretsky, Eugene},
booktitle = {AIAA Guidance, Navigation, and Control Conference},
doi = {10.2514/6.2011-6202},
pages = {10.2514/6.2011-6202},
title = {Modeling for Control of Very Flexible Aircraft},
year = {2011}
}

@phdthesis{qu2016,
  title={Adaptive Output-Feedback Control and Applications to Very Flexible Aircraft},
  author={Qu, Zheng},
  year={2016},
  school={Massachusetts Institute of Technology}
}

@inproceedings{thomsen2018,
  title={Shared Control Between Human and Adaptive Autopilots},
  author={Thomsen, Benjamin and Annaswamy, Anuradha M and Lavretsky, Eugene},
  booktitle={AIAA Guidance, Navigation, and Control Conference},
  pages={10.2514/6.2018-1574},
  year={2018}
}

@incollection{lavretsky2015,
  title={Robust and Adaptive Control Methods for Aerial Vehicles},
  author={Lavretsky, Eugene},
  editor={Valavanis, Kimon P and Vachtsevanos, George J},
  booktitle={Handbook of Unmanned Aerial Vehicles},
  pages={675--710},
  year={2015},
  publisher={Springer}
}